@article{SpinningUp2018,
    author = {Achiam, Joshua},
    title = {{Spinning Up in Deep Reinforcement Learning}},
    year = {2018},
  publisher = {GitHub},
  journal = {GitHub repository},
  note = {\url{https://github.com/openai/spinningup}}
}

@article{ba2016layer,
  title={Layer normalization},
  author={Ba, Jimmy Lei and Kiros, Jamie Ryan and Hinton, Geoffrey E},
  journal={arXiv preprint arXiv:1607.06450},
  year={2016}
}

@article{bhatt2019crossnorm,
  title={Crossnorm: Normalization for off-policy td reinforcement learning},
  author={Bhatt, Aditya and Argus, Max and Amiranashvili, Artemij and Brox, Thomas},
  journal={arXiv preprint arXiv:1902.05605},
  year={2019}
}

@book{bishop2006pattern,
  title={Pattern recognition and machine learning},
  author={Bishop, Christopher M},
  year={2006},
  publisher={springer}
}

@inproceedings{chen2019convergence,
  title={On the convergence of a class of Adam-type algorithms for non-convex optimization},
  author={Chen, Xiangyi and Liu, Sijia and Sun, Ruoyu and Hong, Mingyi},
  booktitle={International Conference on Learning Representations},
  year={2019}
}

@inproceedings{clavera2018model,
  title={Model-Based Reinforcement Learning via Meta-Policy Optimization},
  author={Clavera, Ignasi and Rothfuss, Jonas and Schulman, John and Fujita, Yasuhiro and Asfour, Tamim and Abbeel, Pieter},
  booktitle={Conference on Robot Learning},
  pages={617--629},
  year={2018}
}

@inproceedings{cobbe2019quantifying,
  title={Quantifying Generalization in Reinforcement Learning},
  author={Cobbe, Karl and Klimov, Oleg and Hesse, Chris and Kim, Taehoon and Schulman, John},
  booktitle={International Conference on Machine Learning},
  pages={1282--1289},
  year={2019}
}

@article{duchi2011adaptive,
  title={Adaptive subgradient methods for online learning and stochastic optimization},
  author={Duchi, John and Hazan, Elad and Singer, Yoram},
  journal={Journal of machine learning research},
  volume={12},
  number={Jul},
  pages={2121--2159},
  year={2011}
}

@inproceedings{gal2016dropout,
  title={Dropout as a bayesian approximation: Representing model uncertainty in deep learning},
  author={Gal, Yarin and Ghahramani, Zoubin},
  booktitle={international conference on machine learning},
  pages={1050--1059},
  year={2016}
}

@inproceedings{haarnoja2018soft,
  title={Soft Actor-Critic: Off-Policy Maximum Entropy Deep Reinforcement Learning with a Stochastic Actor},
  author={Haarnoja, Tuomas and Zhou, Aurick and Abbeel, Pieter and Levine, Sergey},
  booktitle={International Conference on Machine Learning},
  pages={1861--1870},
  year={2018}
}

@inproceedings{henderson2018deep,
  title={Deep reinforcement learning that matters},
  author={Henderson, Peter and Islam, Riashat and Bachman, Philip and Pineau, Joelle and Precup, Doina and Meger, David},
  booktitle={AAAI Conference on Artificial Intelligence},
  year={2018}
}

@inproceedings{ioffe2015batch,
  title={Batch Normalization: Accelerating Deep Network Training by Reducing Internal Covariate Shift},
  author={Ioffe, Sergey and Szegedy, Christian},
  booktitle={International Conference on Machine Learning},
  pages={448--456},
  year={2015}
}

@inproceedings{huang2019learning,
 author = {Huang, Zhewei and Heng, Wen and Zhou, Shuchang},
 title = {Learning to Paint With Model-Based Deep Reinforcement Learning},
 booktitle = {The IEEE International Conference on Computer Vision},
 year = {2019}
}

@inproceedings{diederik2014auto,
  title={Auto-encoding variational bayes},
  author={Diederik, P Kingma and Welling, Max},
  booktitle={International Conference on Learning Representations},
  year={2014}
}

@inproceedings{kingma2015adam,
  title={Adam: A method for stochastic optimization},
  author={Kingma, Diederik P and Ba, Jimmy},
  booktitle={International Conference on Learning Representations},
  year={2015}
}

@inproceedings{luo2018adaptive,
 title={Adaptive Gradient Methods with Dynamic Bound of Learning Rate},
 author={Liangchen Luo and Yuanhao Xiong and Yan Liu},
 booktitle={International Conference on Learning Representations},
 year={2019}
}

@inproceedings{luo2019towards,
 title={Towards Understanding Regularization in Batch Normalization},
 author={Ping Luo and Xinjiang Wang and Wenqi Shao and Zhanglin Peng},
 booktitle={International Conference on Learning Representations},
 year={2019}
}

@inproceedings{reddi2018convergence,
  title={On the convergence of adam and beyond},
  author={Reddi, Sashank J and Kale, Satyen and Kumar, Sanjiv},
  booktitle={International Conference on Learning Representations},
  year={2018}
}

@article{ruder2016overview,
  title={An overview of gradient descent optimization algorithms},
  author={Ruder, Sebastian},
  journal={arXiv preprint arXiv:1609.04747},
  year={2016}
}

@inproceedings{salimans2016weight,
  title={Weight normalization: A simple reparameterization to accelerate training of deep neural networks},
  author={Salimans, Tim and Kingma, Durk P},
  booktitle={Advances in neural information processing systems},
  pages={901--909},
  year={2016}
}

@inproceedings{schulman2015trust,
  title={Trust region policy optimization},
  author={Schulman, John and Levine, Sergey and Abbeel, Pieter and Jordan, Michael and Moritz, Philipp},
  booktitle={International conference on machine learning},
  pages={1889--1897},
  year={2015}
}

@inproceedings{teye2018bayesian,
  title={Bayesian Uncertainty Estimation for Batch Normalized Deep Networks},
  author={Teye, Mattias and Azizpour, Hossein and Smith, Kevin},
  booktitle={International Conference on Machine Learning},
  pages={4907--4916},
  year={2018}
}

@inproceedings{xu2019variance,
  title={Variance reduction properties of the reparameterization trick},
  author={Xu, Ming and Quiroz, Matias and Kohn, Robert and Sisson, Scott A},
  booktitle={International Conference on Artificial Intelligence and Statistics},
  pages={2711--2720},
  year={2019}
}

@book{kanamori2016continuous,
  author    = "金森 敬文 and 鈴木 大慈 and 竹内 一郎 and 佐藤 一誠",
  title     = "機械学習のための連続最適化 = Continuous optimization for machine learning",
  publisher = "講談社",
  year      = "2016",
  series    = "MLP機械学習プロフェッショナルシリーズ"
}

@book{harada2017image,
  author    = "原田 達也",
  title     = "画像認識 = Image recognition",
  publisher = "講談社",
  year      = "2017",
  series    = "MLP機械学習プロフェッショナルシリーズ"
}

@book{suzuki2015stochastic,
  author = "鈴木 大慈",
  title = "確率的最適化 = Stochastic optimization",
  publisher = "講談社",
  year = "2015",
  series    = "MLP機械学習プロフェッショナルシリーズ"
}

@book{suyama2019bayesian,
  author    = "須山 敦志",
  title     = "ベイズ深層学習 = Bayesian deep learning",
  publisher = "講談社",
  year      = "2019",
  series    = "MLP機械学習プロフェッショナルシリーズ"  
}

@article{misra2019mish,
  title={Mish: A Self Regularized Non-Monotonic Neural Activation Function},
  author={Misra, Diganta},
  journal={arXiv preprint arXiv:1908.08681},
  year={2019}
}

@misc{ramachandran2018searching,
 title={Searching for Activation Functions},
 author={Prajit Ramachandran, Barret Zoph, Quoc V. Le},
 year={2018},
 url={https://openreview.net/forum?id=SkBYYyZRZ},
 booktitle={International Conference on Learning Representations (Workshop Track)}
}