@article{duchi2007derivations,
  title={Derivations for linear algebra and optimization},
  author={Duchi, John},
  journal={Berkeley, California},
  volume={3},
  year={2007}
}

@book{nocedal2006numerical,
  Title                    = {Numerical Optimization},
  Author                   = {Jorge Nocedal and Stephen J. Wright},
  Publisher                = {Springer},
  Year                     = {2006},
  Address                  = {New York, NY, USA},
  Edition                  = {second}
}

@inproceedings{schulman2015trust,
  title={Trust region policy optimization},
  author={Schulman, John and Levine, Sergey and Abbeel, Pieter and Jordan, Michael and Moritz, Philipp},
  booktitle={International Conference on Machine Learning},
  pages={1889--1897},
  year={2015}
}

@article{schulman2016high,
  title={High-dimensional continuous control using generalized advantage estimation},
  author={Schulman, John and Moritz, Philipp and Levine, Sergey and Jordan, Michael and Abbeel, Pieter},
  journal={International Conference on Learning Representation},
  year={2016}
}
