@inproceedings{haarnoja2017reinforcement,
  title={Reinforcement learning with deep energy-based policies},
  author={Haarnoja, Tuomas and Tang, Haoran and Abbeel, Pieter and Levine, Sergey},
  booktitle={International Conference on Machine Learning},
  pages={1352--1361},
  year={2017}
}

@inproceedings{haarnoja2018soft,
  title={Soft Actor-Critic: Off-Policy Maximum Entropy Deep Reinforcement Learning with a Stochastic Actor},
  author={Haarnoja, Tuomas and Zhou, Aurick and Abbeel, Pieter and Levine, Sergey},
  booktitle={International Conference on Machine Learning},
  pages={1861--1870},
  year={2018}
}

@article{haarnoja2018soft2,
  title={Soft actor-critic algorithms and applications},
  author={Haarnoja, Tuomas and Zhou, Aurick and Hartikainen, Kristian and Tucker, George and Ha, Sehoon and Tan, Jie and Kumar, Vikash and Zhu, Henry and Gupta, Abhishek and Abbeel, Pieter and others},
  journal={arXiv preprint arXiv:1812.05905},
  year={2018}
}