@article{CMAME1999Anitescu,
title = "Time-stepping for three-dimensional rigid body dynamics ",
journal = "Computer Methods in Applied Mechanics and Engineering ",
volume = "177",
pages = "183 - 197",
year = "1999",
note = "",
issn = "0045-7825",
doi = "http://dx.doi.org/10.1016/S0045-7825(98)00380-6",
url = "http://www.sciencedirect.com/science/article/pii/S0045782598003806",
author = "Mihai Anitescu and Florian A. Potra and David E. Stewart"
}


@mastersthesis{MThesis2005Garstenauer,
    author = {Garstenauer, Helmut},
    citeulike-article-id = {5372558},
    citeulike-linkout-0 = {http://www.digitalrune.com/Portals/0/KB/Physics/A\%20Unified\%20Framework\%20for\%20Rigid\%20Body\%20Dynamics.pdf},
    keywords = {collision\_detection, simulation, thesis},
    posted-at = {2009-08-05 15:06:58},
    priority = {5},
    title = {{A Unified Framework for Rigid Body Dynamics}},
    url = {http://www.digitalrune.com/Portals/0/KB/Physics/A\%20Unified\%20Framework\%20for\%20Rigid\%20Body\%20Dynamics.pdf}
}

@book{Book2003JSME,
  title={数値積分法の基礎と応用},
  author={日本機械学会},
  isbn={9784339044911},
  series={コンピュータダイナミクスシリーズ},
  url={http://books.google.co.jp/books?id=e7xxAAAACAAJ},
  year={2003},
  publisher={コロナ社}
}

@book{Book2006JSME,
  title={マルチボディダイナミクス},
  author={日本機械学会},
  number={第 1 巻},
  isbn={9784339044935},
  series={コンピュータダイナミクスシリーズ},
  url={http://books.google.co.jp/books?id=RIgXPQAACAAJ},
  year={2006},
  publisher={コロナ社}
}

@book{Book2007JSME,
  title={マルチボディダイナミクス},
  author={日本機械学会},
  number={第 2 巻},
  isbn={9784339044942},
  series={コンピュータダイナミクスシリーズ},
  url={http://books.google.co.jp/books?id=IAUmNwAACAAJ},
  year={2007},
  publisher={コロナ社}
}


@Misc{WebSmith,
author = {Russe Smith},
title = {Open Dynamics Engine},
note = "\url{http://www.ode.org/}",
}


@ARTICLE{IJNME1996Stewart,
    author = {David Stewart and J. C. Trinkle},
    title = {An Implicit Time-Stepping Scheme for Rigid Body Dynamics with Coulomb Friction},
    journal = {INTERNATIONAL JOURNAL OF NUMERICAL METHODS IN ENGINEERING},
    year = {1996},
    volume = {39},
    pages = {2673--2691}
}



@Misc{WebODEWiki,
author = {wiki},
title = {Open Dynamics Engine (ODE) Community Wiki},
note = "\url{http://ode-wiki.org/}",
}
